@String(CVPRW = {IEEE Conf. Comput. Vis. Pattern Recog. Worksh.})

@inproceedings{SPAN2024,
  author = {Cheng Wan and Hongyuan Yu and Zhiqi Li and Yihang Chen and Yajun Zou and Yuqing Liu and Xuanwu Yin and Kunlong Zuo},
  title = {Swift Parameter-free Attention Network for Efficient Super-Resolution},
  booktitle = CVPRW,
  year = {2024},
  note = {NTIRE 2024 ESR Challenge},
  url = {https://github.com/hongyuanyu/span}
}

@inproceedings{NTIRE2024Report,
  author = {Bin Ren and Yawei Li and Nancy Mehta and Radu Timofte and et al.},
  title = {The Ninth NTIRE 2024 Efficient Super-Resolution Challenge Report},
  booktitle = CVPRW,
  year = {2024},
  url = {https://arxiv.org/abs/2404.03222}
}
